@inproceedings{Lafferty:2001:CRF:645530.655813,
 author = {Lafferty, John D. and McCallum, Andrew and Pereira, Fernando C. N.},
 title = {Conditional Random Fields: Probabilistic Models for Segmenting and Labeling Sequence Data},
 booktitle = {Proceedings of the Eighteenth International Conference on Machine Learning},
 series = {ICML '01},
 year = {2001},
 isbn = {1-55860-778-1},
 pages = {282--289},
 numpages = {8},
 url = {http://dl.acm.org/citation.cfm?id=645530.655813},
 acmid = {655813},
 publisher = {Morgan Kaufmann Publishers Inc.},
 address = {San Francisco, CA, USA},
}

@article{DBLP:journals/corr/KongDS15,
  author    = {Lingpeng Kong and
			   Chris Dyer and
			   Noah A. Smith},
  title     = {Segmental Recurrent Neural Networks},
  journal   = {CoRR},
  volume    = {abs/1511.06018},
  year      = {2015},
  url       = {http://arxiv.org/abs/1511.06018},
  archivePrefix = {arXiv},
  eprint    = {1511.06018},
  timestamp = {Wed, 07 Jun 2017 14:41:24 +0200},
  biburl    = {http://dblp.org/rec/bib/journals/corr/KongDS15},
  bibsource = {dblp computer science bibliography, http://dblp.org}
}